<?xml version="1.0" encoding="UTF-8"?><collection xmlns="http://www.loc.gov/MARC21/slim"><record><leader>00385nam--2200133-i-4500</leader><controlfield tag="001">000010188</controlfield><controlfield tag="002">20161230</controlfield><controlfield tag="005">20161230201028</controlfield><controlfield tag="008">060222s1000------------r-----000-0-eng-d</controlfield><datafield ind1=" " ind2=" " tag="245"><subfield code="a">Clinical scintillation scanning</subfield></datafield><datafield ind1=" " ind2=" " tag="260"><subfield code="a">New York, Harper And Row, 1969</subfield></datafield><datafield ind1=" " ind2=" " tag="490"><subfield code="a">Hoeber Medical Division</subfield></datafield><datafield ind1=" " ind2=" " tag="700"><subfield code="a">Freeman, Leonard M.And Johnson, Philip M</subfield></datafield><datafield ind1=" " ind2=" " tag="852"><subfield code="a">577.3:612.014.481:539.12.04</subfield></datafield></record></collection>